% Encoding: UTF-8

@Book{KumarVaraiya,
  title     = {{{Stochastic Systems: Estimation, Identification, and Adaptive Control}}},
  publisher = {Prentice-Hall},
  year      = {1986},
  author    = {P. R. Kumar and P. Varaiya},
}

@Comment{jabref-meta: databaseType:bibtex;}
